@misc{github2019,
  key       = {"SVM Python Without Library"},
  year      = {2019},
  title     = {svm-python-without-library},
  note      = {Accessed: April 5, 2025},
  url       = {https://github.com/gokulvgopal/svm-python-without-library/tree/master},
}
@misc{svmkernel2023,
  key       = {"Implementing SVM and Kernal SVM with Python's Scikit-Learn"},
  year      = {2023},
  title     = {Implementing SVM and Kernal SVM with Python's Scikit-Learn},
  note      = {Accessed: March 29, 2025},
  url       = {https://www.geeksforgeeks.org/implementing-svm-and-kernel-svm-with-pythons-scikit-learn/},
}
@misc{svm2025,
  key       = {"Support Vector Machines"},
  year      = {2025},
  title     = {1.4 Support Vector Machines},
  note      = {Accessed: March 30, 2025},
  url       = {https://scikit-learn.org/stable/modules/svm.html},
}
@misc{svm2019,
  key       = {"Support Vector Machines with Scikit-learn Tutorial"},
  year      = {2019},
  title     = {Support Vector Machines with Scikit-learn Tutorial},
  note      = {Accessed: March 30, 2025},
  url       = {https://www.datacamp.com/tutorial/svm-classification-scikit-learn-python},
}
